<?xml version = "1.0" encoding = "UTF-8"?><OAI-PMH xmlns="http://www.openarchives.org/OAI/2.0/" xmlns:xsi="http://www.w3.org/2001/XMLSchema-instance" xsi:schemaLocation="http://www.openarchives.org/OAI/2.0/ http://www.openarchives.org/OAI/2.0/OAI-PMH.xsd"><ListRecords><record><header><identifier>aleph-publish:006037674</identifier></header><metadata><record xmlns="http://www.ddb.de/professionell/mabxml/mabxml-1.xsd"><leader>00392vM2.01200024------h</leader><controlfield tag="LDR">00392vM2.01200024------h</controlfield><controlfield tag="FMT">MH</controlfield><datafield tag="001" ind1="-" ind2="1"><subfield code="a">HT001145330</subfield></datafield><datafield tag="002" ind1="a" ind2="1"><subfield code="a">19981114</subfield></datafield><datafield tag="003" ind1="-" ind2="1"><subfield code="a">20100610</subfield></datafield><datafield tag="026" ind1="-" ind2="1"><subfield code="a">HBZHT001145330</subfield></datafield><controlfield tag="030">a|1uc||||||17</controlfield><datafield tag="036" ind1="a" ind2="1"><subfield code="a">DE</subfield></datafield><datafield tag="037" ind1="b" ind2="1"><subfield code="a">ger</subfield></datafield><controlfield tag="050">a|||||||||||||</controlfield><controlfield tag="051">s|||||||</controlfield><datafield tag="070" ind1="-" ind2="1"><subfield code="a">290</subfield></datafield><datafield tag="070" ind1="b" ind2="1"><subfield code="a">468</subfield></datafield><datafield tag="080" ind1="-" ind2="1"><subfield code="a">60</subfield></datafield><datafield tag="100" ind1="-" ind2="1"><subfield code="p">Kaufmann, Hilde</subfield><subfield code="d">1920-1981</subfield><subfield code="9">(DE-588)118721283</subfield></datafield><datafield tag="331" ind1="-" ind2="1"><subfield code="a">Steigt die Jugendkriminalität wirklich?</subfield></datafield><datafield tag="359" ind1="-" ind2="1"><subfield code="a">Von Hilde Kaufmann</subfield></datafield><datafield tag="410" ind1="-" ind2="1"><subfield code="a">Bonn</subfield></datafield><datafield tag="412" ind1="-" ind2="1"><subfield code="a">Röhrscheid</subfield></datafield><datafield tag="425" ind1="a" ind2="1"><subfield code="a">1965</subfield></datafield><datafield tag="433" ind1="-" ind2="1"><subfield code="a">38 S. : graph. Darst.</subfield></datafield><datafield tag="451" ind1="-" ind2="1"><subfield code="a">Kriminologische Untersuchungen ; 21</subfield></datafield><datafield tag="453" ind1="-" ind2="1"><subfield code="a">HT001245511</subfield></datafield><datafield tag="455" ind1="-" ind2="1"><subfield code="a">21</subfield></datafield><datafield tag="456" ind1="-" ind2="1"><subfield code="a">21</subfield></datafield><controlfield tag="SYS">006037674</controlfield><datafield tag="LOW" ind1="-" ind2="1"><subfield code="a">K0001</subfield></datafield><datafield tag="LOW" ind1="-" ind2="1"><subfield code="a">U0001</subfield></datafield><datafield tag="LOW" ind1="-" ind2="1"><subfield code="a">Q1047</subfield></datafield><datafield tag="LOW" ind1="-" ind2="1"><subfield code="a">M1114</subfield></datafield><datafield tag="088" ind1=" " ind2=" "><subfield code="a">6/228</subfield><subfield code="b">00027001</subfield><subfield code="c">Krim L 50/21</subfield><subfield code="e">keine ILL</subfield></datafield><datafield tag="088" ind1=" " ind2=" "><subfield code="a">290</subfield><subfield code="b">00012013</subfield><subfield code="c">A 450 KAUF</subfield><subfield code="e">keine ILL</subfield></datafield><datafield tag="088" ind1=" " ind2=" "><subfield code="a">38</subfield><subfield code="b">00000001</subfield><subfield code="c">1F1616</subfield><subfield code="e">ILL Ausleihe</subfield></datafield><datafield tag="088" ind1=" " ind2=" "><subfield code="a">5</subfield><subfield code="b">00000000</subfield><subfield code="c">65/7975</subfield><subfield code="e">ILL Ausleihe</subfield></datafield><datafield tag="088" ind1=" " ind2=" "><subfield code="a">5/182</subfield><subfield code="b">00022000</subfield><subfield code="c">G a 7 (21)</subfield><subfield code="e">keine ILL</subfield></datafield><datafield tag="088" ind1=" " ind2=" "><subfield code="a">5/182</subfield><subfield code="b">00022000</subfield><subfield code="c">G a 7 (21) #1</subfield><subfield code="e">keine ILL</subfield></datafield><datafield tag="088" ind1=" " ind2=" "><subfield code="a">61</subfield><subfield code="b">00</subfield><subfield code="c">STURG&lt;&gt;2379:21</subfield><subfield code="e">Ausleihbar</subfield></datafield><datafield tag="088" ind1=" " ind2=" "><subfield code="a">385</subfield><subfield code="c">r40041-21</subfield><subfield code="e">Normalausleihe</subfield></datafield><datafield tag="088" ind1=" " ind2=" "><subfield code="a">708</subfield><subfield code="b">00</subfield><subfield code="c">QPR/KAU</subfield><subfield code="e">Normalausleihe</subfield></datafield><datafield tag="088" ind1=" " ind2=" "><subfield code="a">468</subfield><subfield code="b">43</subfield><subfield code="c">ONJ1227</subfield><subfield code="e">ausleihbar</subfield></datafield><datafield tag="088" ind1=" " ind2=" "><subfield code="a">Kn 28</subfield><subfield code="b">MAG</subfield><subfield code="c">Ecb 3879</subfield><subfield code="e">Normalausleihe</subfield></datafield></record></metadata></record></ListRecords></OAI-PMH>